@misc{GAT,
      title={Graph Attention Networks}, 
      author={Petar Veličković and Guillem Cucurull and Arantxa Casanova and Adriana Romero and Pietro Liò and Yoshua Bengio},
      year={2018},
      eprint={1710.10903},
      archivePrefix={arXiv},
      primaryClass={stat.ML},
      url={https://arxiv.org/abs/1710.10903}, 
}

@misc{SNAP,
    author       = {Jure Leskovec and Andrej Krevl},
    title        = {{SNAP Datasets}: {Stanford} Large Network Dataset Collection},
    howpublished = {\url{http://snap.stanford.edu/data}},
    month        = jun,
    year         = 2014}

@misc{node2vec,
      title={node2vec: Scalable Feature Learning for Networks}, 
      author={Aditya Grover and Jure Leskovec},
      year={2016},
      eprint={1607.00653},
      archivePrefix={arXiv},
      primaryClass={cs.SI},
      url={https://arxiv.org/abs/1607.00653}, 
}

@ONLINE {n2vGitHub,
    author = "Grover, Aditya and Leskovec, Jure,",
    title  = "node2vec: GitHub Implementation",
    year   = "2016",
    url    = "https://github.com/aditya-grover/node2vec"
}

@ONLINE {scikitGitHub,
    title = "scikit-learn: GitHub Implementation",
    url   = "https://github.com/scikit-learn/scikit-learn"
}

@ONLINE {spektralGitHub,
    author = "Daniele Grattarola",
    title  = "spektral: GitHub Implementation",
    url    = "https://github.com/danielegrattarola/spektral?tab=readme-ov-file"
}

@ONLINE {CAPRI,
    author = "DEI University of Padova",
    title  = "CAPRI: Calcolo ad Alte Prestazioni per la Ricerca e l’Innovazione",
    year   = "2017",
    url    = "https://capri.dei.unipd.it"
}

@ONLINE {GATTO,
    author  = "Alessandro Viespoli, Riccardo Modolo, Francesco Biscaccia Carrara",
    title   = "GATTO: GitHub Implementation",
    url     = "https://github.com/RickSrick/GATTO"
}

@InProceedings{SciPyProceedings_11,
  author =       {Aric A. Hagberg and Daniel A. Schult and Pieter J. Swart},
  title =        {Exploring Network Structure, Dynamics, and Function using NetworkX},
  booktitle =   {Proceedings of the 7th Python in Science Conference},
  pages =     {11 - 15},
  address = {Pasadena, CA USA},
  year =      {2008},
  editor =    {Ga\"el Varoquaux and Travis Vaught and Jarrod Millman},
}

@article{ShapiroTest,
 ISSN = {00359254, 14679876},
 URL = {http://www.jstor.org/stable/2347986},
 author = {J. P. Royston},
 journal = {Journal of the Royal Statistical Society. Series C (Applied Statistics)},
 number = {2},
 pages = {176--180},
 publisher = {[Royal Statistical Society, Oxford University Press]},
 title = {Algorithm AS 181: The W Test for Normality},
 urldate = {2025-01-16},
 volume = {31},
 year = {1982}
}

@article{WilcoxonTest,
author = {David F. Bauer},
title = {Constructing Confidence Sets Using Rank Statistics},
journal = {Journal of the American Statistical Association},
volume = {67},
number = {339},
pages = {687--690},
year = {1972},
publisher = {ASA Website},
doi = {10.1080/01621459.1972.10481279},
URL = {https://www.tandfonline.com/doi/abs/10.1080/01621459.1972.10481279},
eprint = {https://www.tandfonline.com/doi/pdf/10.1080/01621459.1972.10481279}
}