@article{von1956new,
  title={A new method for solving a problem in the theory of sorting},
  author={Von Neumann, John},
  journal={Communications of the ACM},
  volume={2},
  number={5},
  pages={286--293},
  year={1956},
  publisher={ACM}
}

@article{boman1990hypercube,
  title={The hypercube: A model for parallel computation},
  author={Boman, Lars J. and others},
  journal={ACM Computing Surveys (CSUR)},
  volume={22},
  number={4},
  pages={443--486},
  year={1990},
  publisher={ACM}
}

@article{batcher1968sorting,
  title={Sorting networks and their applications},
  author={Batcher, Kenneth E.},
  journal={IBM Journal of Research and Development},
  volume={12},
  number={5},
  pages={365--372},
  year={1968},
  publisher={IBM}
}
